@article{barker_introducing_2022,
	title = {Introducing the {FAIR} {Principles} for research software},
	volume = {9},
	issn = {2052-4463},
	doi = {10.1038/s41597-022-01710-x},
	language = {en},
	number = {1},
	urldate = {2024-05-01},
	journal = {Scientific Data},
	author = {Barker, Michelle and Chue Hong, Neil P. and Katz, Daniel S. and Lamprecht, Anna-Lena and Martinez-Ortiz, Carlos and Psomopoulos, Fotis and Harrow, Jennifer and Castro, Leyla Jael and Gruenpeter, Morane and Martinez, Paula Andrea and Honeyman, Tom},
	month = oct,
	year = {2022},
	pages = {622},
}

@article{thiery_how_2025,
	title = {How to improve the visibility and added value of {RSE}(s) in {NFDI}},
	volume = {7},
	doi = {10.5281/zenodo.14976365},
	number = {3},
	journal = {Squirrel Papers},
	author = {Thiery, Florian and Flemisch, Bernd and Bernoth, Jan and Seiwerth, Corinna and Linxweiler, Jan and Linnaea, Söhn},
	month = feb,
	year = {2025},
	pages = {L8},
}

@techreport{katz_software_2016,
	title = {Software vs. data in the context of citation},
	language = {en},
	number = {e2630v1},
	institution = {PeerJ Inc.},
	author = {Katz, Daniel S. and Niemeyer, Kyle E. and Smith, Arfon M. and Anderson, William L. and Boettiger, Carl and Hinsen, Konrad and Hooft, Rob and Hucka, Michael and Lee, Allen and Löffler, Frank and Pollard, Tom and Rios, Fernando},
	month = dec,
	year = {2016},
	doi = {10.7287/peerj.preprints.2630v1},
	note = {ISSN: 2167-9843},
}

@article{bernard_base4nfdi_2023,
	title = {{Base4NFDI} -  {Basic} {Services} for {NFDI}},
	volume = {Base4NFDI},
	doi = {10.5281/zenodo.8329191},
	language = {eng},
	journal = {Zenodo},
	author = {Bernard, Lars and Altenhöner, Reinhard and Böhm, Franziska and Diepenbroek, Michael and Ebert, Barbara and Fluck, Juliane and Herres-Pawlis, Sonja and Klinger, Axel and Koepler, Oliver and Lorenz, Sören and Mathiak, Brigitte and Miller, Bernhard and Pelz, Peter and Rißler-Pipka, Nanette and Ritz, Raphael and Sax, Ulrich and Schimmler, Sonja and Schörner, Thomas and Schrade, Torsten and Schubotz, Moritz and Sczyrba, Alexander and Stein, Regine and Suchodoletz, Dirk von},
	month = dec,
	year = {2023},
}

@misc{team_base4nfdi_integration_2025,
	title = {Integration {Workshop} {III} preparation: {Overview} basic services},
	url = {https://base4nfdi.de/images/documents/Basic_services_overview_Jan_2025.pdf},
	urldate = {2025-04-16},
	publisher = {Base4NFDI},
	author = {{Team Base4NFDI}},
	month = mar,
	year = {2025},
}

@article{schmidt_practices_2022,
	title = {Practices of {Linked} {Open} {Data} in {Archaeology} and {Their} {Realisation} in {Wikidata}},
	volume = {2},
	doi = {10.3390/digital2030019},
	number = {3},
	journal = {Digital},
	author = {Schmidt, Sophie C. and Thiery, Florian and Trognitz, Martina},
	month = jun,
	year = {2022},
	pages = {333--364},
}

@article{thiery_semi-automatic_2023,
	title = {A {Semi}-{Automatic} {Semantic}-{Model}-{Based} {Comparison} {Workflow} for {Archaeological} {Features} on {Roman} {Ceramics}},
	volume = {12},
	issn = {2220-9964},
	doi = {10.3390/ijgi12040167},
	language = {en},
	number = {4},
	urldate = {2023-10-04},
	journal = {ISPRS International Journal of Geo-Information},
	author = {Thiery, Florian and Veller, Jonas and Raddatz, Laura and Rokohl, Louise and Boochs, Frank and Mees, Allard W.},
	month = apr,
	year = {2023},
	pages = {167},
}

@article{thiery_research_2025,
	title = {Das {Research} {Squirrel} {Engineers} {Network}: {FAIRification} {Tools} und {LOD}-{Projekte} aus der {Archäoinformatik} und den {Geowissenschaften}},
	volume = {47},
	issn = {0341-2873},
	doi = {10.11588/ai.2024.1.110394},
	number = {NWDVA 2024 Bochum: Digitale Archäologie},
	journal = {Archäologische Informationen},
	author = {Thiery, Florian and Schenk, Fiona and Thiery, Peter},
	month = apr,
	year = {2025},
	pages = {115--140},
}

@article{thiery_digitale_2025,
	title = {Digitale {Services} in der {Archäologie}: {Aktuelle} {Entwicklungen} und {Angebote} aus den {NFDI4Objects} {Task} {Areas} {Collecting} und {Protecting}},
	volume = {47},
	issn = {0341-2873},
	doi = {10.11588/ai.2024.1.110393},
	number = {NWDVA 2024 Bochum: Digitale Archäologie},
	journal = {Archäologische Informationen},
	author = {Thiery, Florian and Fella, Kristina and Mempel-Länger, Lasse and Puhl, Andreas},
	month = apr,
	year = {2025},
	pages = {99--114},
}

@article{homburg_recommendations_2021,
	title = {Recommendations for the review of archaeological research software},
	volume = {43},
	issn = {0341-2873},
	doi = {10.11588/ai.2020.1.81423},
	language = {de},
	number = {weitere Aufsätze},
	journal = {Archäologische Informationen},
	author = {Homburg, Timo and Klammt, Anne and Mara, Hubert and Schmid, Clemens and Schmidt, Sophie Charlotte and Thiery, Florian and Trognitz, Martina},
	month = may,
	year = {2021},
	pages = {357--370},
}

@article{von_rummel_nfdi4objects_2025,
	title = {{NFDI4Objects}: {Warum} brauchen wir eine gemeinsame {Forschungsdateninfrastruktur} für die materiellen {Hinterlassenschaften} der {Menschheitsgeschichte}?},
	volume = {47},
	issn = {0341-2873},
	doi = {10.11588/ai.2024.1.110390},
	number = {NWDVA 2024 Bochum: Digitale Archäologie},
	journal = {Archäologische Informationen},
	author = {von Rummel, Philipp and Keller, Christin and Fricke, Fabian},
	month = apr,
	year = {2025},
	pages = {63--72},
}

@article{thiery_sparql_2020,
	title = {The {SPARQL} {Unicorn}: {An} introduction},
	volume = {2},
	issn = {2750-560X},
	doi = {10.5281/zenodo.3742185},
	number = {1},
	journal = {Squirrel Papers},
	author = {Thiery, Florian and Schmidt, Sophie Charlotte and Homburg, Timo and Trognitz, Martina},
	month = apr,
	year = {2020},
	keywords = {Linked Data, SPARQL, http://www.wikidata.org/entity/Q71937877, SPARQL Unicorn, RDF},
	pages = {\#1},
}

@article{unold_academic_2019,
	title = {Academic {Meta} {Tool}. {Ein} {Web}-{Tool} zur {Modellierung} von {Vagheit}},
	volume = {Die Modellierung des Zweifels – Schlüsselideen und -konzepte zur graphbasierten Modellierung von Unsicherheiten.},
	copyright = {CC BY-SA             4.0},
	doi = {10.17175/SB004\_004},
	number = {Sonderband 4},
	journal = {ZfdG - Zeitschrift für digitale Geisteswissenschaften},
	author = {Unold, Martin and Thiery, Florian and Mees, Allard},
	collaborator = {Kuczera, Andreas and Wübbena, Thorsten and Kollatz, Thomas},
	year = {2019},
	keywords = {Semantic\_Modelling},
}

@article{schenk_cryptotephra_2024,
	title = {A {Cryptotephra} {Layer} in {Sediments} of an {Infilled} {Maar} {Lake} from the {Eifel} ({Germany}): {First} {Evidence} of {Campanian} {Ignimbrite} {Ash} {Airfall} in {Central} {Europe}},
	volume = {7},
	copyright = {https://creativecommons.org/licenses/by/4.0/},
	issn = {2571-550X},
	shorttitle = {A {Cryptotephra} {Layer} in {Sediments} of an {Infilled} {Maar} {Lake} from the {Eifel} ({Germany})},
	doi = {10.3390/quat7020017},
	language = {en},
	number = {2},
	urldate = {2024-03-28},
	journal = {Quaternary},
	author = {Schenk, Fiona and Hambach, Ulrich and Britzius, Sarah and Veres, Daniel and Sirocko, Frank},
	month = mar,
	year = {2024},
	pages = {17},
}

@article{thiery_linked_2023,
	title = {Linked {Open} {Ogham}. {How} to publish and interlink various {Ogham} {Data}?},
	volume = {34},
	doi = {10.19282/ac.34.1.2023.12},
	number = {1},
	journal = {Archeologia e Calcolatori},
	author = {Thiery, Florian and Thiery, Peter},
	year = {2023},
	pages = {105--114},
}

@article{the_turing_way_community_turing_2025,
	title = {The {Turing} {Way}: {A} handbook for reproducible, ethical and collaborative research},
	volume = {The Turing Way},
	copyright = {Creative Commons Attribution 4.0 International},
	doi = {10.5281/zenodo.3233853},
	journal = {Zenodo},
	author = {{The Turing Way Community}},
	month = apr,
	year = {2025},
	keywords = {collaboration, community, data science, ethics, handbook, reproducibility, research practices},
}

@article{hennessy_new_2019,
	title = {A new golden age for computer architecture},
	volume = {62},
	issn = {0001-0782},
	url = {https://cacm.acm.org/research/a-new-golden-age-for-computer-architecture/},
	doi = {10.1145/3282307},
	number = {2},
	urldate = {2025-05-18},
	journal = {Commun. ACM},
	author = {Hennessy, John L. and Patterson, David A.},
	month = jan,
	year = {2019},
	pages = {48--60},
}

@article{thiery_modelling_2023,
	title = {Modelling of {Uncertainty} in {Geo} {Sciences} {Sites}},
	volume = {5},
	issn = {2750-560X},
	doi = {10.5281/zenodo.10255259},
	number = {1},
	journal = {Squirrel Papers},
	author = {Thiery, Florian and Schenk, Fiona},
	month = dec,
	year = {2023},
	keywords = {Linked Open Data, Wikidata, GeoSPARQL},
	pages = {\#4},
}


@article{car_geosparql_2022,
	title = {{GeoSPARQL} 1.1: {Motivations}, {Details} and {Applications} of the {Decadal} {Update} to the {Most} {Important} {Geospatial} {LOD} {Standard}},
	volume = {11},
	copyright = {https://creativecommons.org/licenses/by/4.0/},
	issn = {2220-9964},
	shorttitle = {{GeoSPARQL} 1.1},
	url = {https://www.mdpi.com/2220-9964/11/2/117},
	doi = {10.3390/ijgi11020117},
	language = {en},
	number = {2},
	urldate = {2024-04-29},
	journal = {ISPRS International Journal of Geo-Information},
	author = {Car, Nicholas J. and Homburg, Timo},
	month = feb,
	year = {2022},
	pages = {117},
	file = {Full Text:C\:\\Users\\flori\\Zotero\\storage\\5IW8ZUYB\\Car and Homburg - 2022 - GeoSPARQL 1.1 Motivations, Details and Applicatio.pdf:application/pdf},
}
